% LTeX: enabled=false

@article{Einstein1905,
  author = {Albert Einstein},
  title = {Zur Elektrodynamik bewegter KÃ¶rper},
  journal = {Annalen der Physik},
  year = {1905},
  volume = {17},
  pages = {891-921}
}